@Book{ch3,
    author= {Leskoved, Jure}
    title= {Mining of Massive Datasets}
    year= 2014,
   }
