%Sådan refererer man et hjemmeside

@book{book:mmds,
 author = "Jure Leskovec and Anand Rajaraman and Jeff Ullman",
 title = "Mining of Massive Datasets",
 year = "2014",
 publisher = "\url{http://www.mmds.org/}"
}


@misc{article:bbit,
  author = "Ping Li and Arnd Christian König",
  title = "b-Bit Minwise Hashing",
  howpublished = "\url{http://research.microsoft.com/pubs/120078/wfc0398-lips.pdf}",
  year = "2010"
}